<?xml version="1.0" encoding="utf-8"?>
<record xmlns="http://www.loc.gov/MARC21/slim" xmlns:xsi="http://www.w3.org/2001/XMLSchema-instance" xsi:schemaLocation="http://www.loc.gov/MARC21/slim http://www.loc.gov/standards/marcxml/schema/MARC21slim.xsd">
	<leader>     nam a22     Mi 4500</leader>
	<controlfield tag="001">b12784825</controlfield>
	<controlfield tag="003">LeBAU</controlfield>
	<controlfield tag="006">m        d        </controlfield>
	<controlfield tag="007">cr cn |||m|||a</controlfield>
	<controlfield tag="008">180301s1949    le      ob    000 0 ara d</controlfield>
	<datafield ind1=" " ind2=" " tag="040">
		<subfield code="a">ZYU</subfield>
		<subfield code="b">ara</subfield>
		<subfield code="e">rda</subfield>
		<subfield code="c">ZYU</subfield>
	</datafield>
	<datafield ind1="0" ind2=" " tag="041">
		<subfield code="a">ara</subfield>
		<subfield code="b">fre</subfield>
	</datafield>
	<datafield ind1=" " ind2="4" tag="050">
		<subfield code="a">BX174.L4</subfield>
		<subfield code="b">Q1 1949</subfield>
	</datafield>
	<datafield ind1="0" ind2="4" tag="082">
		<subfield code="a">281.5</subfield>
		<subfield code="2">22</subfield>
	</datafield>
	<datafield ind1="1" ind2=" " tag="100">
		<subfield code="6">880-01</subfield>
		<subfield code="a">Qarʼalī, Būlus,</subfield>
		<subfield code="d">-1952,</subfield>
		<subfield code="e">author.</subfield>
	</datafield>
	<datafield ind1="1" ind2="3" tag="245">
		<subfield code="6">880-02</subfield>
		<subfield code="a">al-Mawārinah fī Lubnān :</subfield>
		<subfield code="b">aqdamīyatuhum wa usaruhum /</subfield>
		<subfield code="c">bi-qalam al-Khūrusquf Būlus Qarʼalī. Wa-yalīhā nubdhatān khaṭṭīyatān / lil-Baṭriyark Isṭifān al-Duwayhī.</subfield>
	</datafield>
	<datafield ind1="1" ind2="5" tag="246">
		<subfield code="a">Maronites au Liban; leur origine et leurs familles</subfield>
	</datafield>
	<datafield ind1=" " ind2="1" tag="264">
		<subfield code="6">880-03</subfield>
		<subfield code="a">Jūniyah, [Lubnān] :</subfield>
		<subfield code="b">Maṭba‘at al-Mursalīn al-Lubnānīyīn,</subfield>
		<subfield code="c">1949.</subfield>
	</datafield>
	<datafield ind1=" " ind2=" " tag="300">
		<subfield code="6">880-04</subfield>
		<subfield code="a">online resource (169 pages)</subfield>
	</datafield>
	<datafield ind1=" " ind2=" " tag="336">
		<subfield code="a">text</subfield>
		<subfield code="2">rdacontent</subfield>
	</datafield>
	<datafield ind1=" " ind2=" " tag="337">
		<subfield code="a">computer</subfield>
		<subfield code="2">rdamedia</subfield>
	</datafield>
	<datafield ind1=" " ind2=" " tag="338">
		<subfield code="a">online resource</subfield>
		<subfield code="2">rdacarrier</subfield>
	</datafield>
	<datafield ind1=" " ind2=" " tag="500">
		<subfield code="a">Part of the Arabic Collections Online (ACO) project, contributed by American University of Beirut's Jafet Memorial Library.</subfield>
	</datafield>
	<datafield ind1=" " ind2=" " tag="533">
		<subfield code="a">Electronic reproduction.</subfield>
		<subfield code="b">New York, N.Y. :</subfield>
		<subfield code="c">New York University,</subfield>
		<subfield code="d">2018.</subfield>
		<subfield code="5">NNU</subfield>
	</datafield>
	<datafield ind1="1" ind2="0" tag="600">
		<subfield code="6">880-05</subfield>
		<subfield code="a">Ṭarrāzī, Fīlīb Dī,</subfield>
		<subfield code="c">al-Fīkunt,</subfield>
		<subfield code="d">1865-1956.</subfield>
		<subfield code="t">Aṣdaq mā kān ʻan tārīkh Lubnān wa-ṣafḥah min akhbār al-Suryān.</subfield>
	</datafield>
	<datafield ind1=" " ind2="0" tag="650">
		<subfield code="6">880-06</subfield>
		<subfield code="a">Maronites</subfield>
		<subfield code="z">Lebanon</subfield>
		<subfield code="x">History.</subfield>
	</datafield>
	<datafield ind1=" " ind2="0" tag="651">
		<subfield code="6">880-07</subfield>
		<subfield code="a">Lebanon</subfield>
		<subfield code="x">Church history.</subfield>
	</datafield>
	<datafield ind1="1" ind2="2" tag="700">
		<subfield code="6">880-08</subfield>
		<subfield code="a">Duwayhī, Isṭifān,</subfield>
		<subfield code="d">1630-1704.</subfield>
		<subfield code="t">Muqaddimū jubbat Bisharrī.</subfield>
	</datafield>
	<datafield ind1="1" ind2="2" tag="700">
		<subfield code="6">880-09</subfield>
		<subfield code="a">Duwayhī, Isṭifān,</subfield>
		<subfield code="d">1630-1704.</subfield>
		<subfield code="t">Ya‘āqibah fī Lubnān.</subfield>
	</datafield>
	<datafield ind1="1" ind2=" " tag="700">
		<subfield code="6">880-10</subfield>
		<subfield code="i">is critique of (work):</subfield>
		<subfield code="a">Ṭarrāzī, Fīlīb Dī,</subfield>
		<subfield code="c">al-Fīkunt,</subfield>
		<subfield code="d">1865-1956.</subfield>
		<subfield code="t">Aṣdaq mā kān ʻan tārīkh Lubnān wa-ṣafḥah min akhbār al-Suryān.</subfield>
	</datafield>
	<datafield ind1="2" ind2=" " tag="710">
		<subfield code="a">Jafet Memorial Library.</subfield>
	</datafield>
	<datafield ind1="0" ind2=" " tag="730">
		<subfield code="a">Arabic Collections Online.</subfield>
	</datafield>
	<datafield ind1="0" ind2="8" tag="776">
		<subfield code="i">Print version:</subfield>
		<subfield code="a">Qarʼalī, Būlus, -1952, author.</subfield>
		<subfield code="t">al-Mawārinah fī Lubnān</subfield>
		<subfield code="w">(LeBAU)b12784825</subfield>
	</datafield>
	<datafield ind1="4" ind2="0" tag="856">
		<subfield code="u">http://hdl.handle.net/2333.1/wh70s4c3</subfield>
	</datafield>
	<datafield ind1="1" ind2=" " tag="880">
		<subfield code="6">100-01</subfield>
		<subfield code="a">قرألي، بولس</subfield>
		<subfield code="d">-1952،</subfield>
		<subfield code="e">مؤلف.</subfield>
		<subfield code="4">aut.</subfield>
	</datafield>
	<datafield ind1="1" ind2="2" tag="880">
		<subfield code="6">245-02</subfield>
		<subfield code="a">الموارنة في لبنان :</subfield>
		<subfield code="b">أقدميتهم وأسرهم /</subfield>
		<subfield code="c">بقلم الخورأسقف بولس قرألي. ويليها نبذتان خطيتان / للبطريرك إسطفان الدويهي</subfield>
	</datafield>
	<datafield ind1=" " ind2="1" tag="880">
		<subfield code="6">264-03</subfield>
		<subfield code="a">جونية، [لبنان] :</subfield>
		<subfield code="b">مطبعة المرسلين اللبنانيين،</subfield>
		<subfield code="c">1949.</subfield>
	</datafield>
	<datafield ind1=" " ind2=" " tag="880">
		<subfield code="6">300-04</subfield>
		<subfield code="a">169 صفحة ؛</subfield>
		<subfield code="c">25 سم</subfield>
	</datafield>
	<datafield ind1=" " ind2=" " tag="880">
		<subfield code="6">500-00</subfield>
		<subfield code="a">ملاحظات على كتاب &quot;أصدق ما كان عن تاريخ لبنان وصفحة من أخبار السريان / للفيكنت فيليب دي طرازي، مقالات ظهرت تباعاً في جريدة البيرق البيروتية بين 26 تموز سنة 1948 و 15 شباط 1949، ثم نشرت منقحة في مجلة المنارة للآباء المرسلين اللبنانيين في جونيه. ويليها نبذتان خطيتان للبطريرك اسطفان الدويهي : 1- مقدمو جبة بشري 2- اليعاقبة في لبنان.</subfield>
	</datafield>
	<datafield ind1=" " ind2=" " tag="880">
		<subfield code="6">504-00</subfield>
		<subfield code="a">يتضمن مراجع ببليوغرافية.</subfield>
	</datafield>
	<datafield ind1=" " ind2=" " tag="880">
		<subfield code="6">546-00</subfield>
		<subfield code="a">النص بالعربية؛ مع مقدمة بالفرنسية.</subfield>
	</datafield>
	<datafield ind1="1" ind2="4" tag="880">
		<subfield code="6">600-05</subfield>
		<subfield code="a">طرازي، فيليب دي،</subfield>
		<subfield code="c">الفيكونت،</subfield>
		<subfield code="d">1865-1956.</subfield>
		<subfield code="t">أصدق ما كان عن تاريخ لبنان وصفحة من أخبار السريان.</subfield>
	</datafield>
	<datafield ind1=" " ind2="4" tag="880">
		<subfield code="6">650-06</subfield>
		<subfield code="a">الموارنة</subfield>
		<subfield code="z">لبنان</subfield>
		<subfield code="x">تاريخ.</subfield>
	</datafield>
	<datafield ind1=" " ind2="4" tag="880">
		<subfield code="6">651-07</subfield>
		<subfield code="a">لبنان</subfield>
		<subfield code="x">التاريخ الكنسي.</subfield>
	</datafield>
	<datafield ind1="1" ind2="2" tag="880">
		<subfield code="6">700-08</subfield>
		<subfield code="a">الدويهي، اسطفان،</subfield>
		<subfield code="d">1630-1704.</subfield>
		<subfield code="t">مقدمو جبة بشري.</subfield>
	</datafield>
	<datafield ind1="1" ind2="2" tag="880">
		<subfield code="6">700-09</subfield>
		<subfield code="a">الدويهي، اسطفان،</subfield>
		<subfield code="d">1630-1704.</subfield>
		<subfield code="t">اليعاقبة في لبنان.</subfield>
	</datafield>
	<datafield ind1="1" ind2=" " tag="880">
		<subfield code="6">700-10</subfield>
		<subfield code="i">نقد (عمل)</subfield>
		<subfield code="a">طرازي، فيليب دي،</subfield>
		<subfield code="c">الفيكونت،</subfield>
		<subfield code="d">1865-1956.</subfield>
		<subfield code="t">أصدق ما كان عن تاريخ لبنان وصفحة من أخبار السريان.</subfield>
	</datafield>
	<datafield ind1=" " ind2=" " tag="959">
		<subfield code="a">NNU</subfield>
		<subfield code="b">WEB</subfield>
		<subfield code="c">GENI</subfield>
		<subfield code="t">0</subfield>
		<subfield code="m">Electronic access</subfield>
		<subfield code="s">01</subfield>
	</datafield>
	<datafield ind1=" " ind2=" " tag="999">
		<subfield code="i">LeBAU_b12784825</subfield>
		<subfield code="s">aub_aco001486</subfield>
		<subfield code="e">(ERROR-880)(ERROR-MISC)</subfield>
		<subfield code="s">aub_aco001486</subfield>
	</datafield>
</record>
